@book{bergsma2004testing,
  title={Testing conditional independence for continuous random variables},
  author={Bergsma, Wicher P},
  year={2004},
  publisher={Eurandom}
}
