@book{bergsma2004testing,
  title={Testing conditional independence for continuous random variables},
  author={Bergsma, Wicher P},
  year={2004},
  publisher={Eurandom}
}

@article{song2007testing,
  title={Testing conditional independence via Rosenblatt transforms},
  author={Song, Kyungchul},
  year={2007},
  publisher={PIER Working Paper}
}


@article{gyorfi2012strongly,
  title={Strongly consistent nonparametric tests of conditional independence},
  author={Gy{\"o}rfi, L{\'a}szl{\'o} and Walk, Harro},
  journal={Statistics \& Probability Letters},
  volume={82},
  number={6},
  pages={1145--1150},
  year={2012},
  publisher={Elsevier}
}

@article{linton1996conditional,
  title={Conditional independence restrictions: Testing and estimation},
  author={Linton, Oliver and Gozalo, Pedro},
  journal={COWLES FOUNDATION DISCUSSION PAPER},
  year={1996},
  publisher={COWLES FOUNDATION}
}


@article{su2008nonparametric,
  title={A nonparametric Hellinger metric test for conditional independence},
  author={Su, Liangjun and White, Halbert},
  journal={Econometric Theory},
  volume={24},
  number={04},
  pages={829--864},
  year={2008},
  publisher={Cambridge Univ Press}
}

@article{zhang2012kernel,
  title={Kernel-based conditional independence test and application in causal discovery},
  author={Zhang, Kun and Peters, Jonas and Janzing, Dominik and Sch{\"o}lkopf, Bernhard},
  journal={arXiv preprint arXiv:1202.3775},
  year={2012}
}

@inproceedings{fukumizu2007kernel,
  title={Kernel Measures of Conditional Dependence.},
  author={Fukumizu, Kenji and Gretton, Arthur and Sun, Xiaohai and Sch{\"o}lkopf, Bernhard},
  booktitle={NIPS},
  volume={20},
  pages={489--496},
  year={2007}
}

@article{huang2010testing,
  title={Testing conditional independence using maximal nonlinear conditional correlation},
  author={Huang, Tzee-Ming and others},
  journal={The Annals of Statistics},
  volume={38},
  number={4},
  pages={2047--2091},
  year={2010},
  publisher={Institute of Mathematical Statistics}
}

@article{bergsma2014consistent,
  title={A consistent test of independence based on a sign covariance related to Kendallâ€™s tau},
  author={Bergsma, Wicher and Dassios, Angelos and others},
  journal={Bernoulli},
  volume={20},
  number={2},
  pages={1006--1028},
  year={2014},
  publisher={Bernoulli Society for Mathematical Statistics and Probability}
}


